<?xml version="1.0" encoding="UTF-8"?><collection xmlns="http://www.loc.gov/MARC21/slim"><record><leader>00365nam--2200133-i-4500</leader><controlfield tag="001">000017259</controlfield><controlfield tag="002">20161230</controlfield><controlfield tag="005">20161230201032</controlfield><controlfield tag="008">060222s1000------------r-----000-0-eng-d</controlfield><datafield ind1=" " ind2=" " tag="080"><subfield code="a">621.039.7</subfield></datafield><datafield ind1=" " ind2=" " tag="100"><subfield code="a">W.Debruyn S.A</subfield></datafield><datafield ind1=" " ind2=" " tag="245"><subfield code="a">Corrosion of conteiner and infrastructure materials under clay repository conditions</subfield></datafield><datafield ind1=" " ind2=" " tag="260"><subfield code="a">Brussels, 1991 129 P</subfield></datafield><datafield ind1=" " ind2=" " tag="852"><subfield code="a">80159</subfield></datafield></record></collection>